
@article{shackelford_comparison_2013,
	title = {Comparison of pollinators and natural enemies: a meta-analysis of landscape and local effects on abundance and richness in crops},
	volume = {88},
	issn = {14647931},
	shorttitle = {Comparison of pollinators and natural enemies},
	url = {http://doi.wiley.com/10.1111/brv.12040},
	doi = {10.1111/brv.12040},
	language = {en},
	number = {4},
	urldate = {2016-12-12},
	journal = {Biological Reviews},
	author = {Shackelford, Gorm and Steward, Peter R. and Benton, Tim G. and Kunin, William E. and Potts, Simon G. and Biesmeijer, Jacobus C. and Sait, Steven M.},
	month = nov,
	year = {2013},
	note = {5},
	keywords = {biological control, stability, bees, pollinators, interaction ES, interaction effect, meta-analysis, dispersal, framework, landscape complexity, natural enemies, pollination, agricultural landscapes, tradeoff, abundance, review, orchards, multiple ecosystem services, crops, spiders, mobile predators, parasitic wasp, mobility, beetles, negative interactions, vineyards, cultural difference, magnitude, distributions, richness, specialist‐generalist hypothesis},
	pages = {1002--1021}
}

@article{kennedy_global_2013,
	title = {A global quantitative synthesis of local and landscape effects on wild bee pollinators in agroecosystems},
	volume = {16},
	issn = {1461023X},
	url = {http://doi.wiley.com/10.1111/ele.12082},
	doi = {10.1111/ele.12082},
	language = {en},
	number = {5},
	urldate = {2017-02-13},
	journal = {Ecology Letters},
	author = {Kennedy, Christina M. and Lonsdorf, Eric and Neel, Maile C. and Williams, Neal M. and Ricketts, Taylor H. and Winfree, Rachael and Bommarco, Riccardo and Brittain, Claire and Burley, Alana L. and Cariveau, Daniel and Carvalheiro, Luísa G. and Chacoff, Natacha P. and Cunningham, Saul A. and Danforth, Bryan N. and Dudenhöffer, Jan-Hendrik and Elle, Elizabeth and Gaines, Hannah R. and Garibaldi, Lucas A. and Gratton, Claudio and Holzschuh, Andrea and Isaacs, Rufus and Javorek, Steven K. and Jha, Shalene and Klein, Alexandra M. and Krewenka, Kristin and Mandelik, Yael and Mayfield, Margaret M. and Morandin, Lora and Neame, Lisa A. and Otieno, Mark and Park, Mia and Potts, Simon G. and Rundlöf, Maj and Saez, Agustin and Steffan-Dewenter, Ingolf and Taki, Hisatomo and Viana, Blandina Felipe and Westphal, Catrin and Wilson, Julianna K. and Greenleaf, Sarah S. and Kremen, Claire},
	editor = {Anderson, Marti},
	month = may,
	year = {2013},
	keywords = {pollinators, landscape structure, diversity, ecosystem services, agri-environment schemes, pollination, diversification, organic farming, diversified farming systems, ecologically scaled landscape index, farm management, habitat fragmentation},
	pages = {584--599}
}

@article{chaplin-kramer_meta-analysis_2011,
	title = {A meta-analysis of crop pest and natural enemy response to landscape complexity: {Pest} and natural enemy response to landscape complexity},
	volume = {14},
	issn = {1461023X},
	shorttitle = {A meta-analysis of crop pest and natural enemy response to landscape complexity},
	url = {http://doi.wiley.com/10.1111/j.1461-0248.2011.01642.x},
	doi = {10.1111/j.1461-0248.2011.01642.x},
	language = {en},
	number = {9},
	urldate = {2017-02-01},
	journal = {Ecology Letters},
	author = {Chaplin-Kramer, Rebecca and O’Rourke, Megan E. and Blitzer, Eleanor J. and Kremen, Claire},
	month = sep,
	year = {2011},
	note = {5},
	keywords = {biological control, meta-analysis, semi-natural habitats, ecosystem service assessment, generalist predators, landscape complexity, ecosystem service, multiple spatial scales, specialists, specialist predators},
	pages = {922--932}
}

@article{zulian_linking_2013,
	title = {Linking {Land} {Cover} {Data} and {Crop} {Yields} for {Mapping} and {Assessment} of {Pollination} {Services} in {Europe}},
	volume = {2},
	issn = {2073-445X},
	url = {http://www.mdpi.com/2073-445X/2/3/472/},
	doi = {10.3390/land2030472},
	language = {en},
	number = {3},
	urldate = {2017-10-23},
	journal = {Land},
	author = {Zulian, Grazia and Maes, Joachim and Paracchini, Maria},
	month = sep,
	year = {2013},
	note = {5},
	keywords = {bees, spatially explicit model, ecosystem service assessment, pollination, wild pollinators, crop yield, landscape, ecosystem service, european union, wild bees, foraging range, forest edges, grasslands, crops, habitats, guild, pollination gap, land cover, CORINE land cover, riparian areas, index, pollination potential, flight distance},
	pages = {472--492}
}

@article{oerke_crop_2006,
	title = {Crop losses to pests},
	volume = {144},
	issn = {0021-8596, 1469-5146},
	url = {http://www.journals.cambridge.org/abstract_S0021859605005708},
	doi = {10.1017/S0021859605005708},
	language = {en},
	number = {01},
	urldate = {2017-11-05},
	journal = {The Journal of Agricultural Science},
	author = {Oerke, E.-C.},
	month = feb,
	year = {2006},
	pages = {31}
}

@article{liere_intersection_2017,
	title = {Intersection between biodiversity conservation, agroecology, and ecosystem services},
	volume = {41},
	url = {https://www.tandfonline.com/doi/full/10.1080/21683565.2017.1330796},
	doi = {10.1080/21683565.2017.1330796},
	urldate = {2018-01-23},
	journal = {Agroecology and Sustainable Food Systems},
	author = {Liere, Heidi and Jha, Shalene and Philpott, Stacy M.},
	month = jul,
	year = {2017},
	note = {5},
	keywords = {interaction ES, ecosystem function, pollination, agricultural multifunctionality, beneficial insects, natural pest control, multiple ecosystem services},
	pages = {723--760}
}

@article{garibaldi_global_2011,
	title = {Global growth and stability of agricultural yield decrease with pollinator dependence},
	volume = {108},
	issn = {0027-8424, 1091-6490},
	url = {http://www.pnas.org/cgi/doi/10.1073/pnas.1012431108},
	doi = {10.1073/pnas.1012431108},
	language = {en},
	number = {14},
	urldate = {2018-02-13},
	journal = {Proceedings of the National Academy of Sciences},
	author = {Garibaldi, L. A. and Aizen, M. A. and Klein, A. M. and Cunningham, S. A. and Harder, L. D.},
	month = apr,
	year = {2011},
	keywords = {pollinators, pollination, crop yield, land use change, food security, disminishing returns, environmental degradation, global pollination crisis, yield, yield stability, yield growth, temporal trends},
	pages = {5909--5914}
}

@techreport{mouchet_spatially_2013,
	title = {Spatially explicit assessment of current ecosystem service supply for {Europe}},
	url = {http://www.volante-project.eu/images/stories/DELIVERABLES/VOLANTE_D8.2_Spatially_explicit_assessment_of_current_ecosystem_service_supply_for_Europe.pdf},
	abstract = {Délivrable 8.2 du projet Volante},
	author = {Mouchet, Maud and Lavorel, Sandra},
	year = {2013},
	keywords = {biological control, interaction ES, ecosystem services, pollination, multiple ecosystem services, mapping, spatial analysis, ecosystem services bundles, service supply, correlation analysis}
}